<?xml version="1.0" encoding="UTF-8"?>
<OAI-PMH xmlns="http://www.openarchives.org/OAI/2.0/" xmlns:xsi="http://www.w3.org/2001/XMLSchema-instance"
	xsi:schemaLocation="http://www.openarchives.org/OAI/2.0/ http://www.openarchives.org/OAI/2.0/OAI-PMH.xsd">
	<responseDate>2015-01-26T00:00:00Z</responseDate>
	<request verb="ListRecords" metadataPrefix="marc21" from="2015-01-26">http://oai.medvik.cz/medvik2cpk/oai</request>
	<ListRecords>
		<record>
			<header xmlns:xs="http://www.w3.org/2001/XMLSchema" status="deleted">
				<identifier>oai:medvik.cz:196741</identifier>
				<datestamp>2015-01-26T07:48:38Z</datestamp>
				<setSpec>1</setSpec>
			</header>
			<metadata>
				<record xmlns:xsi="http://www.w3.org/2001/XMLSchema-instance"
					xmlns="http://www.loc.gov/MARC21/slim"
					xsi:schemaLocation="http://www.loc.gov/MARC21/slim http://www.loc.gov/standards/marcxml/schema/MARC21slim.xsd">
					<leader>00000nam a2200000 a 4500</leader>
					<controlfield tag="001">MED00185337</controlfield>
					<controlfield tag="003">CZ-PrNML</controlfield>
					<controlfield tag="005">20150126074815.0</controlfield>
					<controlfield tag="007">ta</controlfield>
					<controlfield tag="008">150126s2014    xr     e      000 0|cze||</controlfield>
					<datafield tag="015" ind1=" " ind2=" ">
						<subfield code="a">cnb002637804</subfield>
					</datafield>
					<datafield tag="020" ind1=" " ind2=" ">
						<subfield code="a">978-80-87576-48-9</subfield>
						<subfield code="q">(brož.)</subfield>
					</datafield>
					<datafield tag="040" ind1=" " ind2=" ">
						<subfield code="a">ABA001</subfield>
						<subfield code="b">cze</subfield>
						<subfield code="d">ABE015</subfield>
						<subfield code="e">AACR2</subfield>
					</datafield>
					<datafield tag="041" ind1="0" ind2=" ">
						<subfield code="a">cze</subfield>
					</datafield>
					<datafield tag="044" ind1=" " ind2=" ">
						<subfield code="a">xr</subfield>
					</datafield>
					<datafield tag="072" ind1=" " ind2="7">
						<subfield code="a">342</subfield>
						<subfield code="x">Ústavní právo. Správní právo</subfield>
						<subfield code="2">Konspekt</subfield>
						<subfield code="9">16</subfield>
					</datafield>
					<datafield tag="072" ind1=" " ind2="7">
						<subfield code="a">37.016</subfield>
						<subfield code="x">Učební osnovy. Vyučovací předměty. Učebnice</subfield>
						<subfield code="2">Konspekt</subfield>
						<subfield code="9">22</subfield>
					</datafield>
					<datafield tag="080" ind1=" " ind2=" ">
						<subfield code="a">342.9</subfield>
						<subfield code="2">MRF</subfield>
					</datafield>
					<datafield tag="080" ind1=" " ind2=" ">
						<subfield code="a">35</subfield>
						<subfield code="2">MRF</subfield>
					</datafield>
					<datafield tag="080" ind1=" " ind2=" ">
						<subfield code="a">(437.3)</subfield>
						<subfield code="2">MRF</subfield>
					</datafield>
					<datafield tag="100" ind1="1" ind2=" ">
						<subfield code="a">Sládeček, Vladimír,</subfield>
						<subfield code="d">1954-,</subfield>
						<subfield code="7">jn20000710547</subfield>
						<subfield code="4">aut</subfield>
					</datafield>
					<datafield tag="245" ind1="1" ind2="0">
						<subfield code="a">Správní právo :</subfield>
						<subfield code="b">zvláštní část (vybrané kapitoly) /</subfield>
						<subfield code="c">Vladimír Sládeček, Olga Pouperová a kolektiv</subfield>
					</datafield>
					<datafield tag="250" ind1=" " ind2=" ">
						<subfield code="a">2. vyd.</subfield>
					</datafield>
					<datafield tag="260" ind1=" " ind2=" ">
						<subfield code="a">Praha :</subfield>
						<subfield code="b">Leges,</subfield>
						<subfield code="c">2014</subfield>
					</datafield>
					<datafield tag="300" ind1=" " ind2=" ">
						<subfield code="a">494 s. ;</subfield>
						<subfield code="c">21 cm</subfield>
					</datafield>
					<datafield tag="490" ind1="1" ind2=" ">
						<subfield code="a">Student</subfield>
					</datafield>
					<datafield tag="504" ind1=" " ind2=" ">
						<subfield code="a">Obsahuje bibliografie a bibliografické odkazy</subfield>
					</datafield>
					<datafield tag="650" ind1="0" ind2="7">
						<subfield code="a">správní právo</subfield>
						<subfield code="7">ph116261</subfield>
						<subfield code="z">Česko</subfield>
						<subfield code="2">czenas</subfield>
					</datafield>
					<datafield tag="650" ind1="0" ind2="7">
						<subfield code="a">veřejná správa</subfield>
						<subfield code="7">ph127076</subfield>
						<subfield code="z">Česko</subfield>
						<subfield code="2">czenas</subfield>
					</datafield>
					<datafield tag="655" ind1=" " ind2="7">
						<subfield code="a">učebnice vysokých škol</subfield>
						<subfield code="7">fd133772</subfield>
						<subfield code="2">czenas</subfield>
					</datafield>
					<datafield tag="700" ind1="1" ind2=" ">
						<subfield code="a">Pouperová, Olga</subfield>
						<subfield code="7">_AN081221</subfield>
						<subfield code="4">aut</subfield>
					</datafield>
					<datafield tag="830" ind1=" " ind2="0">
						<subfield code="a">Student (Leges)</subfield>
					</datafield>
					<datafield tag="910" ind1=" " ind2=" ">
						<subfield code="a">ABE015</subfield>
						<subfield code="b">K 10681</subfield>
						<subfield code="y">0</subfield>
					</datafield>
					<datafield tag="990" ind1=" " ind2=" ">
						<subfield code="a">20150121091315</subfield>
						<subfield code="b">ABE015</subfield>
						<subfield code="c">Palka Roman</subfield>
					</datafield>
					<datafield tag="991" ind1=" " ind2=" ">
						<subfield code="a">20150126075008</subfield>
						<subfield code="b">ABE015</subfield>
						<subfield code="c">Vinklátová Gabriela</subfield>
					</datafield>
					<datafield tag="999" ind1=" " ind2=" ">
						<subfield code="a">min</subfield>
					</datafield>
				</record>
			</metadata>
		</record>