
		<record>
			<header xmlns:xs="http://www.w3.org/2001/XMLSchema" status="deleted">
				<identifier>oai:medvik.cz:196743</identifier>
				<datestamp>2015-01-26T08:20:00Z</datestamp>
				<setSpec>1</setSpec>
			</header>
			<metadata>
				<record xmlns:xsi="http://www.w3.org/2001/XMLSchema-instance"
					xmlns="http://www.loc.gov/MARC21/slim"
					xsi:schemaLocation="http://www.loc.gov/MARC21/slim http://www.loc.gov/standards/marcxml/schema/MARC21slim.xsd">
					<leader>00000nam a2200000 a 4500</leader>
					<controlfield tag="001">MED00185339</controlfield>
					<controlfield tag="003">CZ-PrNML</controlfield>
					<controlfield tag="005">20150126081937.0</controlfield>
					<controlfield tag="007">ta</controlfield>
					<controlfield tag="008">150121s2014    xr      f          0cze||</controlfield>
					<datafield tag="020" ind1=" " ind2=" ">
						<subfield code="a">978-80-7201-948-9</subfield>
						<subfield code="q">(brož.) :</subfield>
					</datafield>
					<datafield tag="040" ind1=" " ind2=" ">
						<subfield code="a">KLG001</subfield>
						<subfield code="b">cze</subfield>
						<subfield code="d">ABE015</subfield>
						<subfield code="e">AACR2</subfield>
					</datafield>
					<datafield tag="072" ind1=" " ind2="7">
						<subfield code="a">347</subfield>
						<subfield code="x">Soukromé právo</subfield>
						<subfield code="2">Konspekt</subfield>
						<subfield code="9">16</subfield>
					</datafield>
					<datafield tag="080" ind1=" " ind2=" ">
						<subfield code="a">347</subfield>
						<subfield code="2">MRF</subfield>
					</datafield>
					<datafield tag="080" ind1=" " ind2=" ">
						<subfield code="a">81'373.46</subfield>
						<subfield code="2">MRF</subfield>
					</datafield>
					<datafield tag="080" ind1=" " ind2=" ">
						<subfield code="a">(437.3)</subfield>
						<subfield code="2">MRF</subfield>
					</datafield>
					<datafield tag="080" ind1=" " ind2=" ">
						<subfield code="a">(038)81</subfield>
						<subfield code="2">MRF</subfield>
					</datafield>
					<datafield tag="080" ind1=" " ind2=" ">
						<subfield code="a">(038.072)</subfield>
						<subfield code="2">MRF</subfield>
					</datafield>
					<datafield tag="080" ind1=" " ind2=" ">
						<subfield code="a">(038.072)81</subfield>
						<subfield code="2">MRF</subfield>
					</datafield>
					<datafield tag="245" ind1="1" ind2="0">
						<subfield code="a">Encyklopedie pojmů nového soukromého práva /</subfield>
						<subfield code="c">Vladimír Horálek, Karel Schelle, Jaromír Tauchen</subfield>
					</datafield>
					<datafield tag="250" ind1=" " ind2=" ">
						<subfield code="a">2. dopl. vyd.</subfield>
					</datafield>
					<datafield tag="260" ind1=" " ind2=" ">
						<subfield code="a">Praha :</subfield>
						<subfield code="b">Linde Praha,</subfield>
						<subfield code="c">2014</subfield>
					</datafield>
					<datafield tag="300" ind1=" " ind2=" ">
						<subfield code="a">486 s. ;</subfield>
						<subfield code="c">21 cm</subfield>
					</datafield>
					<datafield tag="490" ind1="1" ind2=" ">
						<subfield code="a">Encyklopedie</subfield>
					</datafield>
					<datafield tag="650" ind1="0" ind2="7">
						<subfield code="a">soukromé právo</subfield>
						<subfield code="7">ph116221</subfield>
						<subfield code="z">Česko</subfield>
						<subfield code="2">czenas</subfield>
					</datafield>
					<datafield tag="650" ind1="0" ind2="7">
						<subfield code="a">oborová terminologie</subfield>
						<subfield code="7">ph138998</subfield>
						<subfield code="2">czenas</subfield>
					</datafield>
					<datafield tag="655" ind1=" " ind2="7">
						<subfield code="a">terminologické slovníky</subfield>
						<subfield code="7">fd202538</subfield>
						<subfield code="2">czenas</subfield>
					</datafield>
					<datafield tag="655" ind1=" " ind2="7">
						<subfield code="a">výkladové slovníky</subfield>
						<subfield code="7">fd133855</subfield>
						<subfield code="2">czenas</subfield>
					</datafield>
					<datafield tag="700" ind1="1" ind2=" ">
						<subfield code="a">Schelle, Karel,</subfield>
						<subfield code="d">1952-</subfield>
						<subfield code="7">jn99240001045</subfield>
						<subfield code="4">aut</subfield>
					</datafield>
					<datafield tag="700" ind1="1" ind2=" ">
						<subfield code="a">Tauchen, Jaromír,</subfield>
						<subfield code="d">1981-</subfield>
						<subfield code="7">_AN081222</subfield>
						<subfield code="4">aut</subfield>
					</datafield>
					<datafield tag="830" ind1=" " ind2="0">
						<subfield code="a">Encyklopedie (Linde)</subfield>
					</datafield>
					<datafield tag="910" ind1=" " ind2=" ">
						<subfield code="a">ABE015</subfield>
						<subfield code="b">K 10683</subfield>
						<subfield code="y">0</subfield>
					</datafield>
					<datafield tag="990" ind1=" " ind2=" ">
						<subfield code="a">20150121101256</subfield>
						<subfield code="b">ABE015</subfield>
						<subfield code="c">Palka Roman</subfield>
					</datafield>
					<datafield tag="991" ind1=" " ind2=" ">
						<subfield code="a">20150126082130</subfield>
						<subfield code="b">ABE015</subfield>
						<subfield code="c">Vinklátová Gabriela</subfield>
					</datafield>
					<datafield tag="999" ind1=" " ind2=" ">
						<subfield code="a">akv</subfield>
					</datafield>
				</record>
			</metadata>
		</record>